@misc{DaleBingham,
  title = {Setup geoserver for a local GIS application (like cesiumjs)},
  author = {Dale Bingham},
  howpublished = {\url{https://dale-bingham-soteriasoftware.medium.com/setup-geoserver-for-a-local-gis-application-like-cesiumjs-14322f1178d5}},
  note = {Accessed: 2022-03-22}
}

@misc{OpenGeoLab,
    title = {Install Geoserver with Tomcat(GIS server and Webserver)},
    author = {OpenGeo Lab},
    howpublished = {\url{https://www.youtube.com/watch?v=RyCFKGm4NSw&ab_channel=OpenGeoLab}},
    note = {Accessed: 2022-03-22}
}

@misc{WebGISDev,
    title = {3D WebGIS development using Cesium JS (Google Earth like Application)},
    author = {OpenGeo Lab},
    howpublished = {\url{https://www.youtube.com/watch?v=wDPY3lRfhVo&ab_channel=OpenGeoLab}},
    note = {Accessed: 2022-03-22}
} 

@misc{CesiumSandcastle,
    title = {CesiumSandcastle},
    author = {Cesium},
    howpublished = {\url{https://sandcastle.cesium.com/?src=Drawing%20on%20Terrain.html}},
    note = {Accessed: 2022-03-22}
} 

@misc{NaturalEarth,
    title = {Downloads},
    author = {Natural Earth},
    howpublished = {\url{https://www.naturalearthdata.com/downloads/ }},
    note = {Accessed: 2022-03-22}
} 

@misc{OfflineMaps,
    title = {How to load maps offline},
    author = {Cesium forums},
    howpublished = {\url{https://community.cesium.com/t/how-to-load-maps-offline/12832}},
    note = {Accessed: 2022-03-22}
} 

@misc{OfflineGuide,
    title = {Offline Guide},
    author = {Sean Lilley},
    howpublished = {\url{https://github.com/CesiumGS/cesium/wiki/Offline-Guide }},
    note = {Accessed: 2022-03-22}
} 

@misc{TerrainBuilder,
    title = {Cesium Terrain Builder Docker},
    author = {BWibo},
    howpublished = {\url{https://github.com/tum-gis/cesium-terrain-builder-docker }},
    note = {Accessed: 2022-03-22}
} 


@misc{TerrainServer,
    title = {Cesium Terrain Server},
    author = {homme},
    howpublished = {\url{https://github.com/geo-data/cesium-terrain-server }},
    note = {Accessed: 2022-03-22}
} 

@misc{VisualTerrain,
    title = {VISUALIZING TERRAINS WITH CESIUM II},
    author = {bertt},
    howpublished = {\url{https://bertt.wordpress.com/2018/11/26/visualizing-terrains-with-cesium-ii/}},
    note = {Accessed: 2022-03-22}
} 



@misc{JestES6,
  title = {ECMAScript Modules},
  author = {Jest},
  howpublished = {\url{https://jestjs.io/docs/ecmascript-modules}},
  note = {Accessed: 2022-03-28}
}

@misc{GeoServer,
  title = {What is GeoServer?},
  author = {Geoserver},
  howpublished = {\url{https://geoserver.org/about/}},
  note = {Accessed: 2022-03-28}
}

@misc{MapServer,
  title = {About},
  author = {Mapserver},
  howpublished = {\url{https://mapserver.org/about.html}},
  note = {Accessed: 2022-03-28}
}

@misc{JSUses,
  title = {What is JavaScript used for?},
  author = {Lighthouse Labs},
  howpublished = {\url{https://www.lighthouselabs.ca/en/blog/what-is-javascript-used-for}},
  note = {Accessed: 2022-03-28}
}

@misc{PyGeoAPI,
  title = {pygeoapi},
  author = {PyGeoAPI},
  howpublished = {\url{https://pygeoapi.io/}},
  note = {Accessed: 2022-03-28}
}

@misc{CesiumJS,
  title = {CesiumJS},
  author = {Cesium},
  howpublished = {\url{https://cesium.com/platform/cesiumjs/}},
  note = {Accessed: 2022-03-28}
}

@misc{WorldwindWeb,
  title = {Web WorldWind},
  author = {NASA},
  howpublished = {\url{https://worldwind.arc.nasa.gov/web/}},
  note = {Accessed: 2022-03-28}
}

@misc{GEEnterprise,
  title = {Google Earth Enterprise open source},
  author = {Google},
  howpublished = {\url{https://www.opengee.org/}},
  note = {Accessed: 2022-03-28}
}

@misc{Maptalks,
  title = {For more map insights},
  author = {Maptalks},
  howpublished = {\url{https://maptalks.org/}},
  note = {Accessed: 2022-03-28}
}

@misc{Tomcat,
  title = {Apache Tomcat},
  author = {The Apache Software Foundation},
  howpublished = {\url{https://tomcat.apache.org/}},
  note = {Accessed: 2022-03-28}
}

@misc{ES6Mock,
  title = {Jest},
  author = {ES6 Class Mocks},
  howpublished = {\url{https://jestjs.io/docs/es6-class-mocks}},
  note = {Accessed: 2022-03-28}
}

@misc{CommonVsES6,
  title = {Understanding ES6 Modules},
  author = {Craig Buckler},
  howpublished = {\url{https://www.sitepoint.com/understanding-es6-modules/}},
  note = {Accessed: 2022-03-28}
}

@misc{Babel,
  title = {babel-jest doesn't handle ES6 within modules},
  author = {Stack Overflow},
  howpublished = {\url{https://stackoverflow.com/questions/42226674/babel-jest-doesnt-handle-es6-within-modules}},
  note = {Accessed: 2022-03-28}
}

@misc{React,
  title = {Maintain Control: A Guide to Webpack and React, Pt. 1},
  author = {Michael Pontus},
  howpublished = {\url{https://www.toptal.com/react/webpack-react-tutorial-pt-1}},
  note = {Accessed: 2022-03-28}
}

